@incollection{EuroPar2005,
year={2005},
isbn={978-3-540-28700-1},
booktitle={Euro-Par 2005 Parallel Processing},
volume={3648},
series={Lecture Notes in Computer Science},
editor={Cunha, JoséC. and Medeiros, PedroD.},
doi={10.1007/11549468_29},
title={A Scalable Parallel Graph Coloring Algorithm for Distributed Memory Computers},
url={http://dx.doi.org/10.1007/11549468_29},
publisher={Springer Berlin Heidelberg},
author={Boman, ErikG. and Bozdağ, Doruk and Catalyurek, Umit and Gebremedhin, AssefawH. and Manne, Fredrik},
pages={241-251},
language={English}
}

@INPROCEEDINGS{SearchAAAI90,
        author = "V. Saletore and L.V. Kale",
        title = "Consistent Linear Speedups for
            a First Solution in Parallel State-Space Search",
        booktitle = "Proceedings of the AAAI",
        month = "August",
        year = "1990",
        pages = "227-233",
}

@article{ParSSSEPPL,
  author = "Yanhua Sun and Gengbin Zheng and Pritish Jetley and Laxmikant V. Kal\'e",
  title = "{ParSSSE: An Adaptive Parallel State Space Search Engine}",
  journal = "Parallel Processing Letters",
  publisher = "World Scientific Publishing",
  volume = "21",
  number = "3",
  pages = {319-338},
  year = "2011",
  month = "September"
}

@inproceedings{Kale1995,
 author = {Kal{\'e}, Laxmikant V. and Richards, Ben H. and Allen, Terry D.},
 title = {Efficient Parallel Graph Coloring with Prioritization},
 booktitle = {Proceedings of the International Workshop on Parallel Symbolic Languages and Systems},
 series = {PSLS '95},
 year = {1996},
 isbn = {3-540-61143-6},
 pages = {190--208},
 numpages = {19},
 url = {http://dl.acm.org/citation.cfm?id=645828.669742},
 acmid = {669742},
 publisher = {Springer-Verlag},
 address = {London, UK, UK},
} 

